%% This BibTeX bibliography file was created using BibDesk.
%% https://bibdesk.sourceforge.io/

%% Created for Arya Daroui at 2019-11-24 01:38:52 -0500 


%% Saved with string encoding Unicode (UTF-8) 



@webpage{owl,
	Author = {Bart "Rex" Slingerland},
	Date-Added = {2019-11-24 01:34:48 -0500},
	Date-Modified = {2019-11-24 01:38:52 -0500},
	Title = {Aegolius funereus},
	Url = {https://commons.wikimedia.org/wiki/File:Aegolius-funereus-001.jpg},
	Year = {2019}}

@misc{knuth,
	Author = {Donald Knuth and Tracy Larrabee and Paul M. Roberts},
	Date-Added = {2019-11-13 09:52:35 -0800},
	Date-Modified = {2019-11-13 09:56:43 -0800},
	Howpublished = {Online PDF},
	Title = {Mathematical Writing},
	Year = {1987}}

@manual{iupac,
	Author = {I.M. Mills and W.V. Metanomski},
	Date-Added = {2019-11-13 09:49:03 -0800},
	Date-Modified = {2019-11-13 09:52:26 -0800},
	Howpublished = {Online PDF},
	Month = {December},
	Organization = {Interdivisional Committee on Nomenclature and Symbols, IUPAC},
	Title = {On the use of italic and roman fonts for symbols in scientific text},
	Year = {1999}}

@article{tug,
	Author = {Claudio Beccari},
	Date-Added = {2019-11-13 09:24:58 -0800},
	Date-Modified = {2019-11-13 10:00:43 -0800},
	Journal = {TUGboat},
	Number = {1},
	Pages = {39-47},
	Title = {Typesetting mathemetics for science and technology according to ISO 31/XI},
	Volume = {18},
	Year = {1997}}
